@article {higher-rec-eq,
    AUTHOR = {Czoga\l a, A.},
     TITLE = {Higher degree tame {H}ilbert-symbol equivalence of number
              fields},
   JOURNAL = {Abh. Math. Sem. Univ. Hamburg},
  FJOURNAL = {Abhandlungen aus dem Mathematischen Seminar der Universit\"at
              Hamburg},
    VOLUME = {69},
      YEAR = {1999},
     PAGES = {175--185},
      ISSN = {0025-5858},
   MRCLASS = {19F15 (11E81 11R21)},
  MRNUMBER = {1722930},
MRREVIEWER = {Robert Perlis},
       URL = {https://doi.org/10.1007/BF02940871},
}

@article {quad-rec-eq,
    AUTHOR = {Czoga\l a, Alfred},
     TITLE = {On reciprocity equivalence of quadratic number fields},
   JOURNAL = {Acta Arith.},
  FJOURNAL = {Polska Akademia Nauk. Instytut Matematyczny. Acta Arithmetica},
    VOLUME = {58},
      YEAR = {1991},
    NUMBER = {1},
     PAGES = {27--46},
      ISSN = {0065-1036},
   MRCLASS = {11R11 (11E12 11E81 11S85)},
  MRNUMBER = {1111088},
MRREVIEWER = {K. Szymiczek},
       URL = {https://doi.org/10.4064/aa-58-1-27-46},
}

@article {KO-map,
    AUTHOR = {Asok, Aravind and Fasel, Jean},
     TITLE = {An explicit {$KO$}-degree map and applications},
   JOURNAL = {J. Topol.},
  FJOURNAL = {Journal of Topology},
    VOLUME = {10},
      YEAR = {2017},
    NUMBER = {1},
     PAGES = {268--300},
      ISSN = {1753-8416},
   MRCLASS = {14F42 (19E15 19G38 55R45)},
  MRNUMBER = {3653068},
MRREVIEWER = {Satoshi Mochizuki},
       URL = {https://doi.org/10.1112/topo.12007},
}

@incollection {Voe-hty-inv,
    AUTHOR = {Voevodsky, Vladimir},
     TITLE = {Cohomological theory of presheaves with transfers},
 BOOKTITLE = {Cycles, transfers, and motivic homology theories},
    SERIES = {Ann. of Math. Stud.},
    VOLUME = {143},
     PAGES = {87--137},
 PUBLISHER = {Princeton Univ. Press, Princeton, NJ},
      YEAR = {2000},
   MRCLASS = {14F05},
  MRNUMBER = {1764200},
}

@article {Dru14,
    AUTHOR = {Druzhinin, Andrei},
     TITLE = {Preservation of the homotopy invariance of presheaves with
              {W}itt transfers under {N}isnevich sheafification},
   JOURNAL = {Zap. Nauchn. Sem. S.-Peterburg. Otdel. Mat. Inst. Steklov.
              (POMI)},
  FJOURNAL = {Rossi\u\i skaya Akademiya Nauk. Sankt-Peterburgskoe Otdelenie.
              Matematicheski\u\i \ Institut im. V. A. Steklova. Zapiski
              Nauchnykh Seminarov (POMI)},
    VOLUME = {423},
      YEAR = {2014},
    NUMBER = {Voprosy Teorii Predstavleni\u\i \ Algebr i Grupp. 26},
     PAGES = {113--125},
      ISSN = {0373-2703},
   MRCLASS = {14F42},
  MRNUMBER = {3480693},
MRREVIEWER = {Nicolae Manolache},
}


@incollection {Voe-motives,
    AUTHOR = {Voevodsky, Vladimir},
     TITLE = {Triangulated categories of motives over a field},
 BOOKTITLE = {Cycles, transfers, and motivic homology theories},
    SERIES = {Ann. of Math. Stud.},
    VOLUME = {143},
     PAGES = {188--238},
 PUBLISHER = {Princeton Univ. Press, Princeton, NJ},
      YEAR = {2000},
   MRCLASS = {14F42 (14C25)},
  MRNUMBER = {1764202},
}

@online{Druzhinin,
author={Druzhinin, Andrei},
title={Triangulated category of effective \emph{{W}itt}-motives ${DWM}_{eff}^-(k)$},
year={2016},
archivePrefix = "arXiv",
Eprint = {1601.05383},
}

@article {MZmod,
    AUTHOR = {R\"ondigs, Oliver and {\O}stv{\ae}r, Paul Arne},
     TITLE = {Modules over motivic cohomology},
   JOURNAL = {Adv. Math.},
  FJOURNAL = {Advances in Mathematics},
    VOLUME = {219},
      YEAR = {2008},
    NUMBER = {2},
     PAGES = {689--727},
      ISSN = {0001-8708},
   MRCLASS = {14F42 (55U35)},
  MRNUMBER = {2435654},
MRREVIEWER = {Christian Haesemeyer},
       DOI = {10.1016/j.aim.2008.05.013},
       URL = {http://dx.doi.org/10.1016/j.aim.2008.05.013},
}

@online{MW-cplx,
author={D\'eglise, Fr\'ed\'eric AND Fasel, Jean},
title={{$MW$}-motivic complexes},
year={2017},
note={In preparation},
}

@online{MW-cancel,
author={Fasel, Jean AND {\O}stv{\ae}r, Paul Arne},
title={A cancellation theorem for {M}ilnor--{W}itt correspondences},
year={2017},
note={In preparation},
}


@article {mot-functors,
    AUTHOR = {Dundas, Bj\o rn Ian and R\"ondigs, Oliver and {\O}stv{\ae}r, Paul Arne},
     TITLE = {Motivic functors},
   JOURNAL = {Doc. Math.},
  FJOURNAL = {Documenta Mathematica},
    VOLUME = {8},
      YEAR = {2003},
     PAGES = {489--525},
      ISSN = {1431-0635},
   MRCLASS = {55P42 (14F42)},
  MRNUMBER = {2029171},
MRREVIEWER = {Mark Hovey},
}

@online{hty-inv,
author={Grigory Garkusha AND Ivan Panin},
title={Homotopy invariant presheaves with framed transfers},
year={2015},
archivePrefix = "arXiv",
Eprint = {1504.00884},
}

@online{PSV,
author={Ivan Panin AND Anastasia Stavrova AND Nikolai Vavilov},
title={Grothendieck-{S}erre Conjecture {I}: {A}ppendix},
year={2009},
archivePrefix = "arXiv",
Eprint = {0910.5465},
}

@online{Jacobson,
  title={Cohomological Invariants of Quadratic Forms over Local Rings},
  author={Jeremy A Jacobson},
  year={2016}
}

@online{pi0curve,
author={Alexey Ananyevskiy},
title={On the zeroth stable {$\A^1$}-homotopy group of a smooth curve},
year={2016},
archivePrefix = "arXiv",
Eprint = {1606.06210},
}

@online{Asok-Fasel,
author={Aravind Asok AND Jean Fasel},
title={Comparing {E}uler classes},
year={2016},
archivePrefix = "arXiv",
Eprint = {1306.5250},
}

@online{pi-one-new,
author={Oliver R{\"o}ndigs and Markus Spitzweck and Paul Arne {\O}stv{\ae}r},
title={The first stable homotopy groups of motivic spheres},
year={2016},
archivePrefix = "arXiv",
Eprint = {1604.00365},
}

@online{Dugger,
author={Daniel Dugger},
title={Notes on the {M}ilnor conjectures},
year={2004},
archivePrefix = "arXiv",
Eprint = {0408436},
}


@online{Severitt,
author={Markus Severitt},
title={Motivic homotopy types of projective curves},
year={2006},
note={Available at \url{https://www.math.uni-bielefeld.de/~rost/data/severitt.pdf} (visited 2016-04-06)},
}


@online{Hopf-elements,
author={Daniel Dugger AND Daniel C. Isaksen},
title={Motivic {H}opf elements and relations},
year={2013},
archivePrefix = "arXiv",
Eprint = {1307.6596},
}

@online{pi-one,
author={Kyle M. Ormsby AND Paul Arne {\O}stv{\ae}r},
title={Stable motivic {$\pi_1$} of low-dimensional fields},
year={2014},
archivePrefix = "arXiv",
Eprint = {1310.2970},
}

@article {Morel-connectivity,
    AUTHOR = {Morel, Fabien},
     TITLE = {The stable {${\Bbb A}^1$}-connectivity theorems},
   JOURNAL = {$K$-Theory},
  FJOURNAL = {$K$-Theory. An Interdisciplinary Journal for the Development,
              Application, and Influence of $K$-Theory in the Mathematical
              Sciences},
    VOLUME = {35},
      YEAR = {2005},
    NUMBER = {1-2},
     PAGES = {1--68},
      ISSN = {0920-3036},
     CODEN = {KTHEEO},
   MRCLASS = {14F35 (19E20 19G12)},
  MRNUMBER = {2240215},
MRREVIEWER = {Oliver R{\"o}ndigs},
       DOI = {10.1007/s10977-005-1562-7},
       URL = {http://dx.doi.org/10.1007/s10977-005-1562-7},
}

@online {Weibel-roadmap,
    AUTHOR = {Charles A. Weibel},
     TITLE = {A road map of motivic homotopy and homology theory},
      YEAR = {2004},
       URL = {http://www.math.uiuc.edu/K-theory/630/roadmap.pdf},
     NOTE = {Available at \url{http://www.math.uiuc.edu/K-theory/630/roadmap.pdf} (visited 2016-03-17)}
}

@article {Jardine-spt,
    AUTHOR = {Jardine, J. F.},
     TITLE = {Motivic symmetric spectra},
   JOURNAL = {Doc. Math.},
  FJOURNAL = {Documenta Mathematica},
    VOLUME = {5},
      YEAR = {2000},
     PAGES = {445--553 (electronic)},
      ISSN = {1431-0635},
   MRCLASS = {55P42 (14F42 55U35)},
  MRNUMBER = {1787949},
MRREVIEWER = {Jianqiang Zhao},
}

@book {Hovey,
    AUTHOR = {Hovey, Mark},
     TITLE = {Model categories},
    SERIES = {Mathematical Surveys and Monographs},
    VOLUME = {63},
 PUBLISHER = {American Mathematical Society, Providence, RI},
      YEAR = {1999},
     PAGES = {xii+209},
      ISBN = {0-8218-1359-5},
   MRCLASS = {55U35 (18D15 18G30 18G55)},
  MRNUMBER = {1650134},
MRREVIEWER = {Teimuraz Pirashvili},
}

@book {Nordfjordeid,
    AUTHOR = {Dundas, B. I. and Levine, M. and {\O}stv{\ae}r, P. A. and
              R{\"o}ndigs, O. and Voevodsky, V.},
     TITLE = {Motivic homotopy theory},
    SERIES = {Universitext},
      NOTE = {Lectures from the Summer School held in Nordfjordeid, August
              2002},
 PUBLISHER = {Springer-Verlag, Berlin},
      YEAR = {2007},
     PAGES = {x+221},
      ISBN = {978-3-540-45895-1; 3-540-45895-6},
   MRCLASS = {14F42 (14-06 18E30 55P42 55U35)},
  MRNUMBER = {2334212},
MRREVIEWER = {Frank Neumann},
       DOI = {10.1007/978-3-540-45897-5},
       URL = {http://dx.doi.org/10.1007/978-3-540-45897-5},
}

@incollection {Quillen,
    AUTHOR = {Quillen, Daniel},
     TITLE = {Higher algebraic {$K$}-theory. {I}},
 BOOKTITLE = {Algebraic {$K$}-theory, {I}: {H}igher {$K$}-theories ({P}roc.
              {C}onf., {B}attelle {M}emorial {I}nst., {S}eattle, {W}ash.,
              1972)},
     PAGES = {85--147. Lecture Notes in Math., Vol. 341},
 PUBLISHER = {Springer, Berlin},
      YEAR = {1973},
   MRCLASS = {18F25},
  MRNUMBER = {0338129},
MRREVIEWER = {Stephen M. Gersten},
}


@online{Cisinski-Deglise,
author={Denis-Charles Cisinski AND Frédéric Déglise},
title={Triangulated categories of mixed motives},
year={2012},
archivePrefix = "arXiv",
Eprint = {0912.2110},
}


@book {Fulton,
    AUTHOR = {Fulton, William},
     TITLE = {Intersection theory},
    SERIES = {Ergebnisse der Mathematik und ihrer Grenzgebiete. 3. Folge. A
              Series of Modern Surveys in Mathematics [Results in
              Mathematics and Related Areas. 3rd Series. A Series of Modern
              Surveys in Mathematics]},
    VOLUME = {2},
   EDITION = {Second},
 PUBLISHER = {Springer-Verlag, Berlin},
      YEAR = {1998},
     PAGES = {xiv+470},
      ISBN = {3-540-62046-X; 0-387-98549-2},
   MRCLASS = {14C17 (14-02)},
  MRNUMBER = {1644323},
       DOI = {10.1007/978-1-4612-1700-8},
       URL = {http://dx.doi.org/10.1007/978-1-4612-1700-8},
}


@book {MVW,
    AUTHOR = {Mazza, Carlo and Voevodsky, Vladimir and Weibel, Charles},
     TITLE = {Lecture notes on motivic cohomology},
    SERIES = {Clay Mathematics Monographs},
    VOLUME = {2},
 PUBLISHER = {American Mathematical Society, Providence, RI; Clay
              Mathematics Institute, Cambridge, MA},
      YEAR = {2006},
     PAGES = {xiv+216},
      ISBN = {978-0-8218-3847-1; 0-8218-3847-4},
   MRCLASS = {14F42 (19E15)},
  MRNUMBER = {2242284},
MRREVIEWER = {Thomas Geisser},
}


@online{Milne-Motives,
author={Milne, James S.},
title={Motives---{G}rothendieck's {D}ream (v2.04)},
year={2014},
note={Available at \url{www.jmilne.org/math/}},
pages={15}
}

@online{Calmes-Fasel,
author={Baptiste Calmès and Jean Fasel},
title={The category of finite {MW}-correspondences},
year={2017},
archivePrefix = "arXiv",
Eprint = {1412.2989v2},
}


@article {Orlov-Vishik-Voevodsky,
    AUTHOR = {Orlov, D. and Vishik, A. and Voevodsky, V.},
     TITLE = {An exact sequence for {$K^M_\ast/2$} with applications
              to quadratic forms},
   JOURNAL = {Ann. of Math. (2)},
  FJOURNAL = {Annals of Mathematics. Second Series},
    VOLUME = {165},
      YEAR = {2007},
    NUMBER = {1},
     PAGES = {1--13},
      ISSN = {0003-486X},
     CODEN = {ANMAAH},
   MRCLASS = {19D45 (11E70 11E81)},
  MRNUMBER = {2276765},
MRREVIEWER = {Jean-Pierre Tignol},
       DOI = {10.4007/annals.2007.165.1},
       URL = {http://dx.doi.org/10.4007/annals.2007.165.1},
}

@article {Tate-galois-cohom,
    AUTHOR = {Tate, John},
     TITLE = {Relations between {$K_{2}$} and {G}alois cohomology},
   JOURNAL = {Invent. Math.},
  FJOURNAL = {Inventiones Mathematicae},
    VOLUME = {36},
      YEAR = {1976},
     PAGES = {257--274},
      ISSN = {0020-9910},
   MRCLASS = {12A60 (12A65)},
  MRNUMBER = {0429837},
MRREVIEWER = {Alan Candiotti},
}

@article {Hutchinson-Tao2,
    AUTHOR = {Hutchinson, Kevin and Tao, Liqun},
     TITLE = {Homology stability for the special linear group of a field and
              {M}ilnor-{W}itt {$K$}-theory},
   JOURNAL = {Doc. Math.},
  FJOURNAL = {Documenta Mathematica},
      YEAR = {2010},
    NUMBER = {Extra volume: Andrei A. Suslin sixtieth birthday},
     PAGES = {267--315},
      ISSN = {1431-0635},
   MRCLASS = {19G99 (20G10)},
  MRNUMBER = {2804257 (2012f:19012)},
MRREVIEWER = {Marian F. Anton},
}

@article {Hutchinson-Tao,
    AUTHOR = {Hutchinson, Kevin and Tao, Liqun},
     TITLE = {A note on {M}ilnor-{W}itt {$K$}-theory and a theorem of
              {S}uslin},
   JOURNAL = {Comm. Algebra},
  FJOURNAL = {Communications in Algebra},
    VOLUME = {36},
      YEAR = {2008},
    NUMBER = {7},
     PAGES = {2710--2718},
      ISSN = {0092-7872},
     CODEN = {COALDM},
   MRCLASS = {19G99 (20G10)},
  MRNUMBER = {2422514 (2009g:19008)},
MRREVIEWER = {Baptiste Calm{\`e}s},
       DOI = {10.1080/00927870802068128},
       URL = {http://dx.doi.org/10.1080/00927870802068128},
}

@book {Scharlau,
    AUTHOR = {Scharlau, Winfried},
     TITLE = {Quadratic and {H}ermitian forms},
    SERIES = {Grundlehren der Mathematischen Wissenschaften [Fundamental
              Principles of Mathematical Sciences]},
    VOLUME = {270},
 PUBLISHER = {Springer-Verlag, Berlin},
      YEAR = {1985},
     PAGES = {x+421},
      ISBN = {3-540-13724-6},
   MRCLASS = {11Exx (11-02 12D15 15A63 16A16 16A28)},
  MRNUMBER = {770063 (86k:11022)},
MRREVIEWER = {R. Ware},
       DOI = {10.1007/978-3-642-69971-9},
       URL = {http://dx.doi.org/10.1007/978-3-642-69971-9},
}

@book {Morel-over-a-field,
    AUTHOR = {Morel, Fabien},
     TITLE = {{$\A^1$}-algebraic topology over a field},
    SERIES = {Lecture Notes in Mathematics},
    VOLUME = {2052},
 PUBLISHER = {Springer, Heidelberg},
      YEAR = {2012},
     PAGES = {x+259},
      ISBN = {978-3-642-29513-3},
   MRCLASS = {14F35 (14F05)},
  MRNUMBER = {2934577},
MRREVIEWER = {Matthias Wendt},
       DOI = {10.1007/978-3-642-29514-0},
       URL = {http://dx.doi.org/10.1007/978-3-642-29514-0},
}

@article {Bass-Milnor-Serre,
    AUTHOR = {Bass, H. and Milnor, J. and Serre, J.-P.},
     TITLE = {Solution of the congruence subgroup problem for {${\mathrm
              SL}_{n}\,(n\geq 3)$} and {${\mathrm Sp}_{2n}\,(n\geq 2)$}},
   JOURNAL = {Inst. Hautes \'Etudes Sci. Publ. Math.},
  FJOURNAL = {Institut des Hautes \'Etudes Scientifiques. Publications
              Math\'ematiques},
    NUMBER = {33},
      YEAR = {1967},
     PAGES = {59--137},
      ISSN = {0073-8301},
   MRCLASS = {14.50 (20.00)},
  MRNUMBER = {0244257 (39 \#5574)},
MRREVIEWER = {R. Steinberg},
}

@incollection {Seattle,
    AUTHOR = {Voevodsky, V.},
     TITLE = {Voevodsky's {S}eattle lectures: {$K$}-theory and motivic
              cohomology},
 BOOKTITLE = {Algebraic {$K$}-theory ({S}eattle, {WA}, 1997)},
    SERIES = {Proc. Sympos. Pure Math.},
    VOLUME = {67},
     PAGES = {283--303},
      NOTE = {Notes by C. Weibel},
 PUBLISHER = {Amer. Math. Soc., Providence, RI},
      YEAR = {1999},
   MRCLASS = {14F42 (14C35 19E15 19E20)},
  MRNUMBER = {1743245 (2001i:14029)},
MRREVIEWER = {Thomas Geisser},
       DOI = {10.1090/pspum/067/1743245},
       URL = {http://dx.doi.org/10.1090/pspum/067/1743245},
}

@article {Vakil,
    AUTHOR = {Vakil, Ravi},
     TITLE = {Foundations of algebraic geometry},
      YEAR = {2015},
       URL = {http://math.stanford.edu/~vakil/216blog/},
     NOTE = {Available at \url{http://math.stanford.edu/~vakil/216blog/} (visited 2017-01-02)}
}

@article {Powell,
    AUTHOR = {M.L. Powell, Geoffrey},
     TITLE = {Zariski excision and the {S}teinberg relation},
      YEAR = {2002},
       URL = {http://math.univ-angers.fr/~powell/documents/2002/steinberg.pdf},
     NOTE = {Available at \url{http://math.univ-angers.fr/~powell/documents/2002/steinberg.pdf} (visited 2015-12-17)}
}

@inproceedings {Voe98,
    AUTHOR = {Voevodsky, Vladimir},
     TITLE = {{$\bold A^1$}-homotopy theory},
 BOOKTITLE = {Proceedings of the {I}nternational {C}ongress of
              {M}athematicians, {V}ol. {I} ({B}erlin, 1998)},
   JOURNAL = {Doc. Math.},
  FJOURNAL = {Documenta Mathematica},
      YEAR = {1998},
    NUMBER = {Extra Vol. I},
     PAGES = {579--604 (electronic)},
      ISSN = {1431-0635},
   MRCLASS = {14F35 (14A15 55U35)},
  MRNUMBER = {1648048 (99j:14018)},
MRREVIEWER = {Mark Hovey},
}

@incollection {PPR,
    AUTHOR = {Panin, Ivan and Pimenov, Konstantin and R{\"o}ndigs, Oliver},
     TITLE = {On {V}oevodsky's algebraic {$K$}-theory spectrum},
 BOOKTITLE = {Algebraic topology},
    SERIES = {Abel Symp.},
    VOLUME = {4},
     PAGES = {279--330},
 PUBLISHER = {Springer, Berlin},
      YEAR = {2009},
   MRCLASS = {19D10 (14F42 55P42)},
  MRNUMBER = {2597741 (2011c:19005)},
MRREVIEWER = {Florence Lecomte},
       DOI = {10.1007/978-3-642-01200-6_10},
       URL = {http://dx.doi.org/10.1007/978-3-642-01200-6_10},
}

@article {Morel-Hopkins,
    AUTHOR = {Morel, Fabien},
     TITLE = {Sur les puissances de l'id\'eal fondamental de l'anneau de
              {W}itt},
   JOURNAL = {Comment. Math. Helv.},
  FJOURNAL = {Commentarii Mathematici Helvetici},
    VOLUME = {79},
      YEAR = {2004},
    NUMBER = {4},
     PAGES = {689--703},
      ISSN = {0010-2571},
     CODEN = {COMHAX},
   MRCLASS = {19D45 (11E81)},
  MRNUMBER = {2099118 (2005f:19004)},
MRREVIEWER = {Jurgen Hurrelbrink},
       DOI = {10.1007/s00014-004-0815-z},
       URL = {http://dx.doi.org/10.1007/s00014-004-0815-z},
}

@book {Lurie,
    AUTHOR = {Lurie, Jacob},
     TITLE = {Higher topos theory},
    SERIES = {Annals of Mathematics Studies},
    VOLUME = {170},
 PUBLISHER = {Princeton University Press, Princeton, NJ},
      YEAR = {2009},
     PAGES = {xviii+925},
      ISBN = {978-0-691-14049-0; 0-691-14049-9},
   MRCLASS = {18-02 (18B25 18E35 18G30 18G55 55U40)},
  MRNUMBER = {2522659 (2010j:18001)},
MRREVIEWER = {Mark Hovey},
       DOI = {10.1515/9781400830558},
       URL = {http://dx.doi.org/10.1515/9781400830558},
}

@book {Strom,
    AUTHOR = {Strom, Jeffrey},
     TITLE = {Modern classical homotopy theory},
    SERIES = {Graduate Studies in Mathematics},
    VOLUME = {127},
 PUBLISHER = {American Mathematical Society, Providence, RI},
      YEAR = {2011},
     PAGES = {xxii+835},
      ISBN = {978-0-8218-5286-6},
   MRCLASS = {55-01 (55-02 55Pxx 55Qxx 55Uxx)},
  MRNUMBER = {2839990},
MRREVIEWER = {Gregory Z. Arone},
       DOI = {10.1090/gsm/127},
       URL = {http://dx.doi.org/10.1090/gsm/127},
}

@article {Dugger-Isaksen-cell,
    AUTHOR = {Dugger, Daniel and Isaksen, Daniel C.},
     TITLE = {Motivic cell structures},
   JOURNAL = {Algebr. Geom. Topol.},
  FJOURNAL = {Algebraic \& Geometric Topology},
    VOLUME = {5},
      YEAR = {2005},
     PAGES = {615--652},
      ISSN = {1472-2747},
   MRCLASS = {55U35 (14F42)},
  MRNUMBER = {2153114 (2007c:55015)},
MRREVIEWER = {Oliver R{\"o}ndigs},
       DOI = {10.2140/agt.2005.5.615},
       URL = {http://dx.doi.org/10.2140/agt.2005.5.615},
}

@article {DI:DQ,
    AUTHOR = {Dugger, Daniel and Isaksen, Daniel C.},
     TITLE = {The {H}opf condition for bilinear forms over arbitrary fields},
   JOURNAL = {Ann. of Math. (2)},
  FJOURNAL = {Annals of Mathematics. Second Series},
    VOLUME = {165},
      YEAR = {2007},
    NUMBER = {3},
     PAGES = {943--964},
      ISSN = {0003-486X},
     CODEN = {ANMAAH},
   MRCLASS = {11E39 (14F42)},
  MRNUMBER = {2335798},
MRREVIEWER = {Ramdorai Sujatha},
       DOI = {10.4007/annals.2007.165.943},
       URL = {http://dx.doi.org/10.4007/annals.2007.165.943},
}


@article {Lemmermeyer-euclidean,
    AUTHOR = {Lemmermeyer, Franz},
     TITLE = {The {E}uclidean algorithm in algebraic number fields},
   JOURNAL = {Exposition. Math.},
  FJOURNAL = {Expositiones Mathematicae. International Journal},
    VOLUME = {13},
      YEAR = {1995},
    NUMBER = {5},
     PAGES = {385--416},
      ISSN = {0723-0869},
   MRCLASS = {11R04 (11H50 11Y40)},
  MRNUMBER = {1362867 (96i:11115)},
MRREVIEWER = {Heinrich Rolletschek},
}

@book {WeibelH,
    AUTHOR = {Weibel, Charles A.},
     TITLE = {An introduction to homological algebra},
    SERIES = {Cambridge Studies in Advanced Mathematics},
    VOLUME = {38},
 PUBLISHER = {Cambridge University Press, Cambridge},
      YEAR = {1994},
     PAGES = {xiv+450},
      ISBN = {0-521-43500-5; 0-521-55987-1},
   MRCLASS = {18-01 (16-01 17-01 20-01 55Uxx)},
  MRNUMBER = {1269324 (95f:18001)},
MRREVIEWER = {Kenneth A. Brown},
       DOI = {10.1017/CBO9781139644136},
       URL = {http://dx.doi.org/10.1017/CBO9781139644136},
}

@book {Eisenbud,
    AUTHOR = {Eisenbud, David},
     TITLE = {Commutative algebra},
    SERIES = {Graduate Texts in Mathematics},
    VOLUME = {150},
      NOTE = {With a view toward algebraic geometry},
 PUBLISHER = {Springer-Verlag},
   ADDRESS = {New York},
      YEAR = {1995},
     PAGES = {xvi+785},
      ISBN = {0-387-94268-8; 0-387-94269-6},
   MRCLASS = {13-01 (14A05)},
  MRNUMBER = {1322960 (97a:13001)},
MRREVIEWER = {Matthew Miller},
       DOI = {10.1007/978-1-4612-5350-1},
       URL = {http://dx.doi.org/10.1007/978-1-4612-5350-1},
}
		
@book {A&M,
    AUTHOR = {Atiyah, M. F. and Macdonald, I. G.},
     TITLE = {Introduction to commutative algebra},
 PUBLISHER = {Addison-Wesley Publishing Co., Reading, Mass.-London-Don
              Mills, Ont.},
      YEAR = {1969},
     PAGES = {ix+128},
   MRCLASS = {13.00},
  MRNUMBER = {0242802 (39 \#4129)},
MRREVIEWER = {J. A. Johnson},
}

@book {Lang,
    AUTHOR = {Lang, Serge},
     TITLE = {Algebra},
 PUBLISHER = {Addison-Wesley Publishing Co., Inc., Reading, Mass.},
      YEAR = {1965},
     PAGES = {xvii+508},
   MRCLASS = {00.00},
  MRNUMBER = {0197234 (33 \#5416)},
MRREVIEWER = {R. S. Pierce},
}

@book {Hartshorne,
    AUTHOR = {Hartshorne, Robin},
     TITLE = {Algebraic geometry},
      NOTE = {Graduate Texts in Mathematics, No. 52},
 PUBLISHER = {Springer-Verlag},
   ADDRESS = {New York},
      YEAR = {1977},
     PAGES = {xvi+496},
      ISBN = {0-387-90244-9},
   MRCLASS = {14-01},
  MRNUMBER = {0463157 (57 \#3116)},
MRREVIEWER = {Robert Speiser},
}

@article {Arrondo,
    AUTHOR = {Arrondo, Enrique},
     TITLE = {Another elementary proof of the {N}ullstellensatz},
   JOURNAL = {Amer. Math. Monthly},
  FJOURNAL = {The American Mathematical Monthly},
    VOLUME = {113},
      YEAR = {2006},
    NUMBER = {2},
     PAGES = {169--171},
      ISSN = {0002-9890},
     CODEN = {AMMYAE},
   MRCLASS = {13F20},
  MRNUMBER = {2203239},
       DOI = {10.2307/27641869},
       URL = {http://dx.doi.org/10.2307/27641869},
}

@article {Rabinowitsch,
    AUTHOR = {Rabinowitsch, J. L.},
     TITLE = {Zum {H}ilbertschen {N}ullstellensatz},
   JOURNAL = {Math. Ann.},
  FJOURNAL = {Mathematische Annalen},
    VOLUME = {102},
      YEAR = {1929},
    NUMBER = {1},
     PAGES = {520},
      ISSN = {0025-5831},
     CODEN = {MAANA},
   MRCLASS = {Contributed Item},
  MRNUMBER = {1512592},
       DOI = {10.1007/BF01782361},
       URL = {http://dx.doi.org/10.1007/BF01782361},
}


@book {Cox,
    AUTHOR = {Cox, David and Little, John and O'Shea, Donal},
     TITLE = {Ideals, varieties, and algorithms},
    SERIES = {Undergraduate Texts in Mathematics},
   EDITION = {Third},
      NOTE = {An introduction to computational algebraic geometry and
              commutative algebra},
 PUBLISHER = {Springer},
   ADDRESS = {New York},
      YEAR = {2007},
     PAGES = {xvi+551},
      ISBN = {978-0-387-35650-1; 0-387-35650-9},
   MRCLASS = {13P10 (13-01 14-01 14Qxx 68W30)},
  MRNUMBER = {2290010 (2007h:13036)},
       DOI = {10.1007/978-0-387-35651-8},
       URL = {http://dx.doi.org/10.1007/978-0-387-35651-8},
}

@book {Corry,
    AUTHOR = {Corry, Leo},
     TITLE = {Modern algebra and the rise of mathematical structures},
   EDITION = {Second},
 PUBLISHER = {Birkh\"auser Verlag},
   ADDRESS = {Basel},
      YEAR = {2004},
     PAGES = {xvi+451},
      ISBN = {3-7643-7002-5},
   MRCLASS = {01A60 (03A05 03B30)},
  MRNUMBER = {2033171 (2004k:01037)},
       DOI = {10.1007/978-3-0348-7917-0},
       URL = {http://dx.doi.org/10.1007/978-3-0348-7917-0},
}

@book {Milnor,
    AUTHOR = {Milnor, John},
     TITLE = {Introduction to algebraic {$K$}-theory},
      NOTE = {Annals of Mathematics Studies, No. 72},
 PUBLISHER = {Princeton University Press, Princeton, N.J.; University of
              Tokyo Press, Tokyo},
      YEAR = {1971},
     PAGES = {xiii+184},
   MRCLASS = {18F25 (12A65)},
  MRNUMBER = {0349811 (50 \#2304)},
MRREVIEWER = {J.-P. Jouanolou},
}

@book {Rosenberg,
    AUTHOR = {Rosenberg, Jonathan},
     TITLE = {Algebraic {$K$}-theory and its applications},
    SERIES = {Graduate Texts in Mathematics},
    VOLUME = {147},
 PUBLISHER = {Springer-Verlag, New York},
      YEAR = {1994},
     PAGES = {x+392},
      ISBN = {0-387-94248-3},
   MRCLASS = {19-01 (19-02)},
  MRNUMBER = {1282290 (95e:19001)},
MRREVIEWER = {Dominique Arlettaz},
       DOI = {10.1007/978-1-4612-4314-4},
       URL = {http://dx.doi.org/10.1007/978-1-4612-4314-4},
}

@article {Dalawat,
    AUTHOR = {Dalawat, Chandan Singh},
     TITLE = {Some aspects of the functor {$K_2$} of fields},
   JOURNAL = {J. Ramanujan Math. Soc.},
  FJOURNAL = {Journal of the Ramanujan Mathematical Society},
    VOLUME = {21},
      YEAR = {2006},
    NUMBER = {2},
     PAGES = {129--151},
      ISSN = {0970-1249},
   MRCLASS = {19C09},
  MRNUMBER = {2243064 (2007b:19002)},
}

@book {Janusz,
    AUTHOR = {Janusz, Gerald J.},
     TITLE = {Algebraic number fields},
    SERIES = {Graduate Studies in Mathematics},
    VOLUME = {7},
   EDITION = {Second},
 PUBLISHER = {American Mathematical Society, Providence, RI},
      YEAR = {1996},
     PAGES = {x+276},
      ISBN = {0-8218-0429-4},
   MRCLASS = {11Rxx (11-02 11R37)},
  MRNUMBER = {1362545 (96j:11137)},
MRREVIEWER = {W. Narkiewicz},
}

@book {Gras,
    AUTHOR = {Gras, Georges},
     TITLE = {Class field theory},
    SERIES = {Springer Monographs in Mathematics},
      NOTE = {From theory to practice,
              Translated from the French manuscript by Henri Cohen},
 PUBLISHER = {Springer-Verlag, Berlin},
      YEAR = {2003},
     PAGES = {xiv+491},
      ISBN = {3-540-44133-6},
   MRCLASS = {11R37 (11S15 11S31)},
  MRNUMBER = {1941965 (2003j:11138)},
MRREVIEWER = {Cornelius Greither},
       DOI = {10.1007/978-3-662-11323-3},
       URL = {http://dx.doi.org/10.1007/978-3-662-11323-3},
}

@book {LangANT,
    AUTHOR = {Lang, Serge},
     TITLE = {Algebraic number theory},
 PUBLISHER = {Addison-Wesley Publishing Co., Inc., Reading, Mass.-London-Don
              Mills, Ont.},
      YEAR = {1970},
     PAGES = {xi+354},
   MRCLASS = {10.68},
  MRNUMBER = {0282947 (44 \#181)},
MRREVIEWER = {G. Whaples},
}

@online{MilneCFT,
author={Milne, James S.},
title={Class Field Theory (v4.02)},
year={2013},
note={Available at \url{www.jmilne.org/math/}},
pages={281+viii}
}

@online{MilneANT,
author={Milne, James S.},
title={Algebraic Number Theory (v3.05)},
year={2013},
note={Available at \url{www.jmilne.org/math/}},
pages={161}
}

@online{MilneLEC,
author={Milne, James S.},
title={Lectures on Etale Cohomology (v2.21)},
year={2013},
note={Available at \url{www.jmilne.org/math/}},
pages={202}
}

@incollection {AKII,
    AUTHOR = {Bass, H. and Tate, J.},
     TITLE = {The {M}ilnor ring of a global field},
 BOOKTITLE = {Algebraic {$K$}-theory, {II}: ``{C}lassical'' algebraic
              {$K$}-theory and connections with arithmetic ({P}roc. {C}onf.,
              {S}eattle, {W}ash., {B}attelle {M}emorial {I}nst., 1972)},
     PAGES = {349--446. Lecture Notes in Math., Vol. 342},
 PUBLISHER = {Springer, Berlin},
      YEAR = {1973},
   MRCLASS = {18F25 (12F05 12A65)},
  MRNUMBER = {0442061 (56 \#449)},
MRREVIEWER = {T.-Y. Lam},
}

@book {Lemmermeyer,
    AUTHOR = {Lemmermeyer, Franz},
     TITLE = {Reciprocity laws},
    SERIES = {Springer Monographs in Mathematics},
      NOTE = {From Euler to Eisenstein},
 PUBLISHER = {Springer-Verlag, Berlin},
      YEAR = {2000},
     PAGES = {xx+487},
      ISBN = {3-540-66957-4},
   MRCLASS = {11A15 (11L05 11R04 11R18)},
  MRNUMBER = {1761696 (2001i:11009)},
MRREVIEWER = {Charles Helou},
       DOI = {10.1007/978-3-662-12893-0},
       URL = {http://dx.doi.org/10.1007/978-3-662-12893-0},
}

@book {MacLane,
    AUTHOR = {Mac Lane, Saunders},
     TITLE = {Categories for the working mathematician},
    SERIES = {Graduate Texts in Mathematics},
    VOLUME = {5},
   EDITION = {Second},
 PUBLISHER = {Springer-Verlag, New York},
      YEAR = {1998},
     PAGES = {xii+314},
      ISBN = {0-387-98403-8},
   MRCLASS = {18-02},
  MRNUMBER = {1712872 (2001j:18001)},
}

@book {WeibelK,
    AUTHOR = {Weibel, Charles A.},
     TITLE = {The {$K$}-book},
    SERIES = {Graduate Studies in Mathematics},
    VOLUME = {145},
      NOTE = {An introduction to algebraic $K$-theory},
 PUBLISHER = {American Mathematical Society, Providence, RI},
      YEAR = {2013},
     PAGES = {xii+618},
      ISBN = {978-0-8218-9132-2},
   MRCLASS = {19-01},
  MRNUMBER = {3076731},
MRREVIEWER = {L. N. Vaserstein},
}

@book {Morishita,
    AUTHOR = {Morishita, Masanori},
     TITLE = {Knots and primes},
    SERIES = {Universitext},
      NOTE = {An introduction to arithmetic topology},
 PUBLISHER = {Springer, London},
      YEAR = {2012},
     PAGES = {xii+191},
      ISBN = {978-1-4471-2157-2},
   MRCLASS = {11Rxx (11A07 11Sxx 57M25)},
  MRNUMBER = {2905431},
MRREVIEWER = {Matilde Marcolli},
       DOI = {10.1007/978-1-4471-2158-9},
       URL = {http://dx.doi.org/10.1007/978-1-4471-2158-9},
}

@book {Serre,
    AUTHOR = {Serre, Jean-Pierre},
     TITLE = {Local fields},
    SERIES = {Graduate Texts in Mathematics},
    VOLUME = {67},
      NOTE = {Translated from the French by Marvin Jay Greenberg},
 PUBLISHER = {Springer-Verlag, New York-Berlin},
      YEAR = {1979},
     PAGES = {viii+241},
      ISBN = {0-387-90424-7},
   MRCLASS = {12Bxx},
  MRNUMBER = {554237 (82e:12016)},
}

@article {Wyman,
    AUTHOR = {Wyman, B. F.},
     TITLE = {What is a reciprocity law?},
   JOURNAL = {Amer. Math. Monthly},
  FJOURNAL = {The American Mathematical Monthly},
    VOLUME = {79},
      YEAR = {1972},
     PAGES = {571--586; correction, ibid. 80 (1973), 281},
      ISSN = {0002-9890},
   MRCLASS = {12A65},
  MRNUMBER = {0308084 (46 \#7199)},
MRREVIEWER = {K. Masuda},
}

@article {Morel-Voevodsky,
    AUTHOR = {Morel, Fabien and Voevodsky, Vladimir},
     TITLE = {{${\mathbf A}^1$}-homotopy theory of schemes},
   JOURNAL = {Inst. Hautes \'Etudes Sci. Publ. Math.},
  FJOURNAL = {Institut des Hautes \'Etudes Scientifiques. Publications
              Math\'ematiques},
    NUMBER = {90},
      YEAR = {1999},
     PAGES = {45--143 (2001)},
      ISSN = {0073-8301},
     CODEN = {PMIHA6},
   MRCLASS = {14F35 (19E08)},
  MRNUMBER = {1813224 (2002f:14029)},
MRREVIEWER = {Marc Levine},
       URL = {http://www.numdam.org/item?id=PMIHES_1999__90__45_0},
}

@book {Morel-sphere-spt,
    AUTHOR = {Morel, Fabien},
     TITLE = {On the motivic {$\pi_0$} of the sphere spectrum},
 BOOKTITLE = {Axiomatic, enriched and motivic homotopy theory},
    SERIES = {NATO Sci. Ser. II Math. Phys. Chem.},
    VOLUME = {131},
     PAGES = {219--260},
 PUBLISHER = {Kluwer Acad. Publ., Dordrecht},
      YEAR = {2004},
   MRCLASS = {19D45 (11E81 14F42 19G12 55P99)},
  MRNUMBER = {2061856 (2005e:19002)},
MRREVIEWER = {Daniel C. Isaksen},
       DOI = {10.1007/978-94-007-0948-5_7},
       URL = {http://dx.doi.org/10.1007/978-94-007-0948-5_7},
}

@book {Washington,
    AUTHOR = {Washington, Lawrence C.},
     TITLE = {Introduction to cyclotomic fields},
    SERIES = {Graduate Texts in Mathematics},
    VOLUME = {83},
 PUBLISHER = {Springer-Verlag, New York},
      YEAR = {1982},
     PAGES = {xi+389},
      ISBN = {0-387-90622-3},
   MRCLASS = {11-01 (11R18 11R23)},
  MRNUMBER = {718674 (85g:11001)},
MRREVIEWER = {T. Mets{\"a}nkyl{\"a}},
       DOI = {10.1007/978-1-4684-0133-2},
       URL = {http://dx.doi.org/10.1007/978-1-4684-0133-2},
}

@article {HuKriz,
    AUTHOR = {Hu, Po and Kriz, Igor},
     TITLE = {The {S}teinberg relation in {$\Bbb A^1$}-stable homotopy},
   JOURNAL = {Internat. Math. Res. Notices},
  FJOURNAL = {International Mathematics Research Notices},
      YEAR = {2001},
    NUMBER = {17},
     PAGES = {907--912},
      ISSN = {1073-7928},
   MRCLASS = {14F35 (55U35)},
  MRNUMBER = {1859344 (2003a:14028)},
MRREVIEWER = {Gabriele Vezzosi},
       DOI = {10.1155/S1073792801000447},
       URL = {http://dx.doi.org/10.1155/S1073792801000447},
}

@article {Keune-WK2,
    AUTHOR = {Keune, Frans},
     TITLE = {Quadratic number fields having {$\{-1,-1\}$} as a non-trivial
              element of their wild kernel},
   JOURNAL = {J. Number Theory},
  FJOURNAL = {Journal of Number Theory},
    VOLUME = {63},
      YEAR = {1997},
    NUMBER = {1},
     PAGES = {30--33},
      ISSN = {0022-314X},
     CODEN = {JNUTA9},
   MRCLASS = {19F15 (11R70 19C20)},
  MRNUMBER = {1438646 (98d:19003)},
MRREVIEWER = {Jurgen Hurrelbrink},
       DOI = {10.1006/jnth.1997.2077},
       URL = {http://dx.doi.org/10.1006/jnth.1997.2077},
}

@article {Hutchinson,
    AUTHOR = {Hutchinson, Kevin},
     TITLE = {On tame and wild kernels of special number fields},
   JOURNAL = {J. Number Theory},
  FJOURNAL = {Journal of Number Theory},
    VOLUME = {107},
      YEAR = {2004},
    NUMBER = {2},
     PAGES = {368--391},
      ISSN = {0022-314X},
     CODEN = {JNUTA9},
   MRCLASS = {11R70 (19F15)},
  MRNUMBER = {2072396 (2005f:11265)},
MRREVIEWER = {A. Movahhedi},
       DOI = {10.1016/j.jnt.2004.04.009},
       URL = {http://dx.doi.org/10.1016/j.jnt.2004.04.009},
}

@incollection {Tate-symbols,
    AUTHOR = {Tate, John},
     TITLE = {Symbols in arithmetic},
 BOOKTITLE = {Actes du {C}ongr\`es {I}nternational des {M}ath\'ematiciens
              ({N}ice, 1970), {T}ome 1},
     PAGES = {201--211},
 PUBLISHER = {Gauthier-Villars, Paris},
      YEAR = {1971},
   MRCLASS = {12A60},
  MRNUMBER = {0422212 (54 \#10204)},
MRREVIEWER = {Alan Candiotti},
}

@article {Garland,
    AUTHOR = {Garland, Howard},
     TITLE = {A finiteness theorem for {$K_{2}$} of a number field},
   JOURNAL = {Ann. of Math. (2)},
  FJOURNAL = {Annals of Mathematics. Second Series},
    VOLUME = {94},
      YEAR = {1971},
     PAGES = {534--548},
      ISSN = {0003-486X},
   MRCLASS = {12A60},
  MRNUMBER = {0297733 (45 \#6785)},
MRREVIEWER = {T. Kubota},
}

@book {Ireland-Rosen,
    AUTHOR = {Ireland, Kenneth and Rosen, Michael},
     TITLE = {A classical introduction to modern number theory},
    SERIES = {Graduate Texts in Mathematics},
    VOLUME = {84},
   EDITION = {Second},
 PUBLISHER = {Springer-Verlag, New York},
      YEAR = {1990},
     PAGES = {xiv+389},
      ISBN = {0-387-97329-X},
   MRCLASS = {11-01 (11-02)},
  MRNUMBER = {1070716 (92e:11001)},
MRREVIEWER = {Glenn Stevens},
       DOI = {10.1007/978-1-4757-2103-4},
       URL = {http://dx.doi.org/10.1007/978-1-4757-2103-4},
}

@book {Milnor-Husemoller,
    AUTHOR = {Milnor, John and Husemoller, Dale},
     TITLE = {Symmetric bilinear forms},
      NOTE = {Ergebnisse der Mathematik und ihrer Grenzgebiete, Band 73},
 PUBLISHER = {Springer-Verlag, New York-Heidelberg},
      YEAR = {1973},
     PAGES = {viii+147},
   MRCLASS = {15A63 (10C05 57D65)},
  MRNUMBER = {0506372 (58 \#22129)},
MRREVIEWER = {Louis H. Kauffman},
}

@book {Lam,
    AUTHOR = {Lam, T. Y.},
     TITLE = {Introduction to quadratic forms over fields},
    SERIES = {Graduate Studies in Mathematics},
    VOLUME = {67},
 PUBLISHER = {American Mathematical Society, Providence, RI},
      YEAR = {2005},
     PAGES = {xxii+550},
      ISBN = {0-8218-1095-2},
   MRCLASS = {11Exx},
  MRNUMBER = {2104929 (2005h:11075)},
MRREVIEWER = {K. Szymiczek},
}

@article {Milnor-quad-forms,
    AUTHOR = {Milnor, John},
     TITLE = {Algebraic {$K$}-theory and quadratic forms},
   JOURNAL = {Invent. Math.},
  FJOURNAL = {Inventiones Mathematicae},
    VOLUME = {9},
      YEAR = {1969/1970},
     PAGES = {318--344},
      ISSN = {0020-9910},
   MRCLASS = {18.20 (10.00)},
  MRNUMBER = {0260844 (41 \#5465)},
MRREVIEWER = {H. Bass},
}

@incollection {Tate-problem-9,
    AUTHOR = {Tate, J.},
     TITLE = {Problem 9: {T}he general reciprocity law},
 BOOKTITLE = {Mathematical developments arising from {H}ilbert problems
              ({P}roc. {S}ympos. {P}ure {M}ath., {N}orthern {I}llinois
              {U}niv., {D}e {K}alb, {I}ll., 1974)},
     PAGES = {311--322. Proc. Sympos. Pure Math., Vol. XXVIII},
 PUBLISHER = {Amer. Math. Soc., Providence, R. I.},
      YEAR = {1976},
   MRCLASS = {12A65},
  MRNUMBER = {0429839 (55 \#2849)},
MRREVIEWER = {Jacques Martinet},
}

@article {Voevodsky:Z2,
    AUTHOR = {Voevodsky, Vladimir},
     TITLE = {Motivic cohomology with {${\bf Z}/2$}-coefficients},
   JOURNAL = {Publ. Math. Inst. Hautes \'Etudes Sci.},
  FJOURNAL = {Publications Math\'ematiques. Institut de Hautes \'Etudes
              Scientifiques},
    NUMBER = {98},
      YEAR = {2003},
     PAGES = {59--104},
      ISSN = {0073-8301},
   MRCLASS = {14F42 (12G05 19D45 19E15)},
  MRNUMBER = {2031199 (2005b:14038b)},
MRREVIEWER = {Eric M. Friedlander},
       DOI = {10.1007/s10240-003-0010-6},
}

@article {MR:root,
    AUTHOR = {Mahowald, Mark E. and Ravenel, Douglas C.},
     TITLE = {The root invariant in homotopy theory},
   JOURNAL = {Topology},
  FJOURNAL = {Topology. An International Journal of Mathematics},
    VOLUME = {32},
      YEAR = {1993},
    NUMBER = {4},
     PAGES = {865--898},
      ISSN = {0040-9383},
     CODEN = {TPLGAF},
   MRCLASS = {55Q45},
  MRNUMBER = {1241877},
MRREVIEWER = {Haynes R. Miller},
       DOI = {10.1016/0040-9383(93)90055-Z},
       URL = {http://dx.doi.org/10.1016/0040-9383(93)90055-Z},
}

@article {LDMA,
    AUTHOR = {Lin, W. H. and Davis, D. M. and Mahowald, M. E. and Adams, J.
              F.},
     TITLE = {Calculation of {L}in's {E}xt groups},
   JOURNAL = {Math. Proc. Cambridge Philos. Soc.},
  FJOURNAL = {Mathematical Proceedings of the Cambridge Philosophical
              Society},
    VOLUME = {87},
      YEAR = {1980},
    NUMBER = {3},
     PAGES = {459--469},
      ISSN = {0305-0041},
     CODEN = {MPCPCO},
   MRCLASS = {55S10},
  MRNUMBER = {569195},
MRREVIEWER = {Harvey Margolis},
       DOI = {10.1017/S0305004100056899},
       URL = {http://dx.doi.org/10.1017/S0305004100056899},
}

@article {Lin:conjectures,
    AUTHOR = {Lin, Wen Hsiung},
     TITLE = {On conjectures of {M}ahowald, {S}egal and {S}ullivan},
   JOURNAL = {Math. Proc. Cambridge Philos. Soc.},
  FJOURNAL = {Mathematical Proceedings of the Cambridge Philosophical
              Society},
    VOLUME = {87},
      YEAR = {1980},
    NUMBER = {3},
     PAGES = {449--458},
      ISSN = {0305-0041},
     CODEN = {MPCPCO},
   MRCLASS = {55Q10},
  MRNUMBER = {556925},
MRREVIEWER = {Donald M. Davis},
       DOI = {10.1017/S0305004100056887},
       URL = {http://dx.doi.org/10.1017/S0305004100056887},
}

@article {Lin:ext,
    AUTHOR = {Lin, Wen Hsiung},
     TITLE = {The {A}dams-{M}ahowald conjecture on real projective spaces},
   JOURNAL = {Math. Proc. Cambridge Philos. Soc.},
  FJOURNAL = {Mathematical Proceedings of the Cambridge Philosophical
              Society},
    VOLUME = {86},
      YEAR = {1979},
    NUMBER = {2},
     PAGES = {237--241},
      ISSN = {0305-0041},
     CODEN = {MPCPCO},
   MRCLASS = {55T15},
  MRNUMBER = {538745},
MRREVIEWER = {J. P. May},
       DOI = {10.1017/S030500410005605X},
       URL = {http://dx.doi.org/10.1017/S030500410005605X},
}

@article {Voe:power-op,
    AUTHOR = {Voevodsky, Vladimir},
     TITLE = {Reduced power operations in motivic cohomology},
   JOURNAL = {Publ. Math. Inst. Hautes \'Etudes Sci.},
  FJOURNAL = {Publications Math\'ematiques. Institut de Hautes \'Etudes
              Scientifiques},
    NUMBER = {98},
      YEAR = {2003},
     PAGES = {1--57},
      ISSN = {0073-8301},
   MRCLASS = {14F42 (12G05 19D45 19E15)},
  MRNUMBER = {2031198},
MRREVIEWER = {Eric M. Friedlander},
       DOI = {10.1007/s10240-003-0009-z},
       URL = {http://dx.doi.org/10.1007/s10240-003-0009-z},
}

@article {Asok-Fasel,
    AUTHOR = {Asok, A. and Fasel, J.},
     TITLE = {Comparing {E}uler classes},
   JOURNAL = {Q. J. Math.},
  FJOURNAL = {The Quarterly Journal of Mathematics},
    VOLUME = {67},
      YEAR = {2016},
    NUMBER = {4},
     PAGES = {603--635},
      ISSN = {0033-5606},
   MRCLASS = {14C15 (14F35)},
  MRNUMBER = {3609848},
MRREVIEWER = {Daniel C. Isaksen},
}